
@inproceedings{chang2015heterogeneous,
	title={Heterogeneous network embedding via deep architectures},
	author={Chang, Shiyu and Han, Wei and Tang, Jiliang and Qi, Guo-Jun and Aggarwal, Charu C and Huang, Thomas S},
	booktitle={Proceedings of the 21th ACM SIGKDD International Conference on Knowledge Discovery and Data Mining},
	pages={119--128},
	year={2015},
	organization={ACM}
}

@inproceedings{weiss2009spectral,
	title={Spectral hashing},
	author={Weiss, Yair and Torralba, Antonio and Fergus, Rob},
	booktitle={Advances in neural information processing systems},
	pages={1753--1760},
	year={2009}
}

@inproceedings{krizhevsky2012imagenet,
	title={Imagenet classification with deep convolutional neural networks},
	author={Krizhevsky, Alex and Sutskever, Ilya and Hinton, Geoffrey E},
	booktitle={Advances in neural information processing systems},
	pages={1097--1105},
	year={2012}
}

@inproceedings{ng2002spectral,
	title={On spectral clustering: Analysis and an algorithm},
	author={Ng, Andrew Y and Jordan, Michael I and Weiss, Yair},
	booktitle={Advances in neural information processing systems},
	pages={849--856},
	year={2002}
}

@article{aggarwal2014evolutionary,
	title={Evolutionary network analysis: A survey},
	author={Aggarwal, Charu and Subbian, Karthik},
	journal={ACM Computing Surveys (CSUR)},
	volume={47},
	number={1},
	pages={10},
	year={2014},
	publisher={ACM}
}

@article{zhao2011gsketch,
	title={gSketch: on query estimation in graph streams},
	author={Zhao, Peixiang and Aggarwal, Charu C and Wang, Min},
	journal={Proceedings of the VLDB Endowment},
	volume={5},
	number={3},
	pages={193--204},
	year={2011},
	publisher={VLDB Endowment}
}

@inproceedings{le2012linked,
	title={Linked stream data processing},
	author={Le-Phuoc, Danh and Parreira, Josiane Xavier and Hauswirth, Manfred},
	booktitle={Reasoning Web International Summer School},
	pages={245--289},
	year={2012},
	organization={Springer}
}


@book{bellman2015adaptive,
	title={Adaptive control processes: a guided tour},
	author={Bellman, Richard E},
	year={2015},
	publisher={Princeton university press}
}

@inproceedings{leskovec2010empirical,
	title={Empirical comparison of algorithms for network community detection},
	author={Leskovec, Jure and Lang, Kevin J and Mahoney, Michael},
	booktitle={Proceedings of the 19th international conference on World wide web},
	pages={631--640},
	year={2010},
	organization={ACM}
}

@article{shi2000normalized,
	title={Normalized cuts and image segmentation},
	author={Shi, Jianbo and Malik, Jitendra},
	journal={IEEE Transactions on pattern analysis and machine intelligence},
	volume={22},
	number={8},
	pages={888--905},
	year={2000},
	publisher={Ieee}
}

@article{roweis2000nonlinear,
	title={Nonlinear dimensionality reduction by locally linear embedding},
	author={Roweis, Sam T and Saul, Lawrence K},
	journal={science},
	volume={290},
	number={5500},
	pages={2323--2326},
	year={2000},
	publisher={American Association for the Advancement of Science}
}


@inproceedings{belkin2002laplacian,
	title={Laplacian eigenmaps and spectral techniques for embedding and clustering},
	author={Belkin, Mikhail and Niyogi, Partha},
	booktitle={Advances in neural information processing systems},
	pages={585--591},
	year={2002}
}

@article{tenenbaum2000global,
	title={A global geometric framework for nonlinear dimensionality reduction},
	author={Tenenbaum, Joshua B and De Silva, Vin and Langford, John C},
	journal={science},
	volume={290},
	number={5500},
	pages={2319--2323},
	year={2000},
	publisher={American Association for the Advancement of Science}
}

@inproceedings{perozzi2014deepwalk,
	title={Deepwalk: Online learning of social representations},
	author={Perozzi, Bryan and Al-Rfou, Rami and Skiena, Steven},
	booktitle={Proceedings of the 20th ACM SIGKDD international conference on Knowledge discovery and data mining},
	pages={701--710},
	year={2014},
	organization={ACM}
}

@inproceedings{tang2015line,
	title={Line: Large-scale information network embedding},
	author={Tang, Jian and Qu, Meng and Wang, Mingzhe and Zhang, Ming and Yan, Jun and Mei, Qiaozhu},
	booktitle={Proceedings of the 24th International Conference on World Wide Web},
	pages={1067--1077},
	year={2015},
	organization={International World Wide Web Conferences Steering Committee}
}

@inproceedings{grover2016node2vec,
	title={node2vec: Scalable feature learning for networks},
	author={Grover, Aditya and Leskovec, Jure},
	booktitle={Proceedings of the 22nd ACM SIGKDD international conference on Knowledge discovery and data mining},
	pages={855--864},
	year={2016},
	organization={ACM}
}

@inproceedings{ahmed2013distributed,
	title={Distributed large-scale natural graph factorization},
	author={Ahmed, Amr and Shervashidze, Nino and Narayanamurthy, Shravan and Josifovski, Vanja and Smola, Alexander J},
	booktitle={Proceedings of the 22nd international conference on World Wide Web},
	pages={37--48},
	year={2013},
	organization={ACM}
}

@inproceedings{singh2008relational,
	title={Relational learning via collective matrix factorization},
	author={Singh, Ajit P and Gordon, Geoffrey J},
	booktitle={Proceedings of the 14th ACM SIGKDD international conference on Knowledge discovery and data mining},
	pages={650--658},
	year={2008},
	organization={ACM}
}

@inproceedings{zhu2007combining,
	title={Combining content and link for classification using matrix factorization},
	author={Zhu, Shenghuo and Yu, Kai and Chi, Yun and Gong, Yihong},
	booktitle={Proceedings of the 30th annual international ACM SIGIR conference on Research and development in information retrieval},
	pages={487--494},
	year={2007},
	organization={ACM}
}

@article{qiu2017network,
	title={Network Embedding as Matrix Factorization: UnifyingDeepWalk, LINE, PTE, and node2vec},
	author={Qiu, Jiezhong and Dong, Yuxiao and Ma, Hao and Li, Jian and Wang, Kuansan and Tang, Jie},
	journal={arXiv preprint arXiv:1710.02971},
	year={2017}
}

@inproceedings{tang2015pte,
	title={Pte: Predictive text embedding through large-scale heterogeneous text networks},
	author={Tang, Jian and Qu, Meng and Mei, Qiaozhu},
	booktitle={Proceedings of the 21th ACM SIGKDD International Conference on Knowledge Discovery and Data Mining},
	pages={1165--1174},
	year={2015},
	organization={ACM}
}

@inproceedings{yang2015network,
	title={Network Representation Learning with Rich Text Information.},
	author={Yang, Cheng and Liu, Zhiyuan and Zhao, Deli and Sun, Maosong and Chang, Edward Y},
	booktitle={IJCAI},
	pages={2111--2117},
	year={2015}
}

@inproceedings{huang2017accelerated,
	title={Accelerated attributed network embedding},
	author={Huang, Xiao and Li, Jundong and Hu, Xia},
	booktitle={Proceedings of the 2017 SIAM International Conference on Data Mining},
	pages={633--641},
	year={2017},
	organization={SIAM}
}

@inproceedings{zhang2016collective,
	title={Collective classification via discriminative matrix factorization on sparsely labeled networks},
	author={Zhang, Daokun and Yin, Jie and Zhu, Xingquan and Zhang, Chengqi},
	booktitle={Proceedings of the 25th ACM International on Conference on Information and Knowledge Management},
	pages={1563--1572},
	year={2016},
	organization={ACM}
}

@inproceedings{li2017attributed,
	title={Attributed network embedding for learning in a dynamic environment},
	author={Li, Jundong and Dani, Harsh and Hu, Xia and Tang, Jiliang and Chang, Yi and Liu, Huan},
	booktitle={Proceedings of the 2017 ACM on Conference on Information and Knowledge Management},
	pages={387--396},
	year={2017},
	organization={ACM}
}

@article{coppock1962all,
	title={All-or-none versus incremental learning of errorless shock escapes by the rat},
	author={Coppock, HW and Freund, JE},
	journal={Science},
	volume={135},
	number={3500},
	pages={318--319},
	year={1962},
	publisher={American Association for the Advancement of Science}
}

@article{zhong2017survey,
	title={A Survey on Incremental Learning},
	author={ZHONG, Junwei and LIU, Zhenyan and ZENG, Yifei and CUI, Lijia and JI, Zizheng},
	year={2017}
}

@article{hazan2007logarithmic,
	title={Logarithmic regret algorithms for online convex optimization},
	author={Hazan, Elad and Agarwal, Amit and Kale, Satyen},
	journal={Machine Learning},
	volume={69},
	number={2-3},
	pages={169--192},
	year={2007},
	publisher={Springer}
}

@article{xiao2010dual,
	title={Dual averaging methods for regularized stochastic learning and online optimization},
	author={Xiao, Lin},
	journal={Journal of Machine Learning Research},
	volume={11},
	number={Oct},
	pages={2543--2596},
	year={2010}
}

@inproceedings{mcmahan2011follow,
	title={Follow-the-regularized-leader and mirror descent: Equivalence theorems and l1 regularization},
	author={McMahan, Brendan},
	booktitle={Proceedings of the Fourteenth International Conference on Artificial Intelligence and Statistics},
	pages={525--533},
	year={2011}
}

@article{duchi2009efficient,
	title={Efficient online and batch learning using forward backward splitting},
	author={Duchi, John and Singer, Yoram},
	journal={Journal of Machine Learning Research},
	volume={10},
	number={Dec},
	pages={2899--2934},
	year={2009}
}

@article{syed1999incremental,
	title={Incremental learning with support vector machines},
	author={Syed, Nadeem Ahmed and Huan, Syed and Kah, Liu and Sung, Kay},
	year={1999},
	publisher={Citeseer}
}

@inproceedings{ruping2001incremental,
	title={Incremental learning with support vector machines},
	author={Ruping, Stefan},
	booktitle={Data Mining, 2001. ICDM 2001, Proceedings IEEE International Conference on},
	pages={641--642},
	year={2001},
	organization={IEEE}
}

@inproceedings{kivinen2002large,
	title={Large margin classification for moving targets},
	author={Kivinen, Jyrki and Smola, Alex J and Williamson, Robert C},
	booktitle={International Conference on Algorithmic Learning Theory},
	pages={113--127},
	year={2002},
	organization={Springer}
}

@article{goyal2017graph,
	title={Graph embedding techniques, applications, and performance: A survey},
	author={Goyal, Palash and Ferrara, Emilio},
	journal={arXiv preprint arXiv:1705.02801},
	year={2017}
}

@article{mikolov2013efficient,
	title={Efficient estimation of word representations in vector space},
	author={Mikolov, Tomas and Chen, Kai and Corrado, Greg and Dean, Jeffrey},
	journal={arXiv preprint arXiv:1301.3781},
	year={2013}
}

@article{liben2007link,
	title={The link-prediction problem for social networks},
	author={Liben-Nowell, David and Kleinberg, Jon},
	journal={journal of the Association for Information Science and Technology},
	volume={58},
	number={7},
	pages={1019--1031},
	year={2007},
	publisher={Wiley Online Library}
}

@inproceedings{ou2016asymmetric,
	title={Asymmetric transitivity preserving graph embedding},
	author={Ou, Mingdong and Cui, Peng and Pei, Jian and Zhang, Ziwei and Zhu, Wenwu},
	booktitle={Proceedings of the 22nd ACM SIGKDD international conference on Knowledge discovery and data mining},
	pages={1105--1114},
	year={2016},
	organization={ACM}
}


@inproceedings{mikolov2013distributed,
	title={Distributed representations of words and phrases and their compositionality},
	author={Mikolov, Tomas and Sutskever, Ilya and Chen, Kai and Corrado, Greg S and Dean, Jeff},
	booktitle={Advances in neural information processing systems},
	pages={3111--3119},
	year={2013}
}

@techreport{page1999pagerank,
	title={The PageRank citation ranking: Bringing order to the web.},
	author={Page, Lawrence and Brin, Sergey and Motwani, Rajeev and Winograd, Terry},
	year={1999},
	institution={Stanford InfoLab}
}

@article{fouss2007random,
	title={Random-walk computation of similarities between nodes of a graph with application to collaborative recommendation},
	author={Fouss, Francois and Pirotte, Alain and Renders, Jean-Michel and Saerens, Marco},
	journal={IEEE Transactions on knowledge and data engineering},
	volume={19},
	number={3},
	pages={355--369},
	year={2007},
	publisher={IEEE}
}

@inproceedings{yu2014large,
	title={Large-scale multi-label learning with missing labels},
	author={Yu, Hsiang-Fu and Jain, Prateek and Kar, Purushottam and Dhillon, Inderjit},
	booktitle={International conference on machine learning},
	pages={593--601},
	year={2014}
}

@article{natarajan2014inductive,
	title={Inductive matrix completion for predicting gene--disease associations},
	author={Natarajan, Nagarajan and Dhillon, Inderjit S},
	journal={Bioinformatics},
	volume={30},
	number={12},
	pages={i60--i68},
	year={2014},
	publisher={Oxford University Press}
}

@article{langford2009sparse,
	title={Sparse online learning via truncated gradient},
	author={Langford, John and Li, Lihong and Zhang, Tong},
	journal={Journal of Machine Learning Research},
	volume={10},
	number={Mar},
	pages={777--801},
	year={2009}
}
@inproceedings{zinkevich2003online,
	title={Online convex programming and generalized infinitesimal gradient ascent},
	author={Zinkevich, Martin},
	booktitle={Proceedings of the 20th International Conference on Machine Learning (ICML-03)},
	pages={928--936},
	year={2003}
}

@book{chung1997spectral,
	title={Spectral graph theory},
	author={Chung, Fan RK},
	number={92},
	year={1997},
	publisher={American Mathematical Soc.}
}

@article{wang2015link,
	title={Link prediction in social networks: the state-of-the-art},
	author={Wang, Peng and Xu, BaoWen and Wu, YuRong and Zhou, XiaoYu},
	journal={Science China Information Sciences},
	volume={58},
	number={1},
	pages={1--38},
	year={2015},
	publisher={Springer}
}

@article{zhou2009predicting,
	title={Predicting missing links via local information},
	author={Zhou, Tao and L{\"u}, Linyuan and Zhang, Yi-Cheng},
	journal={The European Physical Journal B},
	volume={71},
	number={4},
	pages={623--630},
	year={2009},
	publisher={Springer}
}

@article{newman2001clustering,
	title={Clustering and preferential attachment in growing networks},
	author={Newman, Mark EJ},
	journal={Physical review E},
	volume={64},
	number={2},
	pages={025102},
	year={2001},
	publisher={APS}
}

@article{adamic2003friends,
	title={Friends and neighbors on the web},
	author={Adamic, Lada A and Adar, Eytan},
	journal={Social networks},
	volume={25},
	number={3},
	pages={211--230},
	year={2003},
	publisher={Elsevier}
}

@inproceedings{chi2007evolutionary,
	title={Evolutionary spectral clustering by incorporating temporal smoothness},
	author={Chi, Yun and Song, Xiaodan and Zhou, Dengyong and Hino, Koji and Tseng, Belle L},
	booktitle={Proceedings of the 13th ACM SIGKDD international conference on Knowledge discovery and data mining},
	pages={153--162},
	year={2007},
	organization={ACM}
}

@article{stewart1990matrix,
	title={Matrix perturbation theory},
	author={Stewart, Gilbert W},
	year={1990},
	publisher={Citeseer}
}


@article{asucheetah,
	title={Cheetah: Fast Graph Kernel Tracking on Dynamic Graphs},
	author={ASU, Hanghang Tong and Xiao, Yanghua and Fan, Wei},
	publisher={Citeseer}
}

@book{golub2012matrix,
	title={Matrix computations},
	author={Golub, Gene H and Van Loan, Charles F},
	volume={3},
	year={2012},
	publisher={JHU Press}
}

@inproceedings{huang2017label,
	title={Label informed attributed network embedding},
	author={Huang, Xiao and Li, Jundong and Hu, Xia},
	booktitle={Proceedings of the Tenth ACM International Conference on Web Search and Data Mining},
	pages={731--739},
	year={2017},
	organization={ACM}
}

@article{hardoon2004canonical,
	title={Canonical correlation analysis: An overview with application to learning methods},
	author={Hardoon, David R and Szedmak, Sandor and Shawe-Taylor, John},
	journal={Neural computation},
	volume={16},
	number={12},
	pages={2639--2664},
	year={2004},
	publisher={MIT Press}
}


@techreport{page1999pagerank,
	title={The PageRank citation ranking: Bringing order to the web.},
	author={Page, Lawrence and Brin, Sergey and Motwani, Rajeev and Winograd, Terry},
	year={1999},
	institution={Stanford InfoLab}
}

@article{jian2018toward,
	title={Toward online node classification on streaming networks},
	author={Jian, Ling and Li, Jundong and Liu, Huan},
	journal={Data Mining and Knowledge Discovery},
	volume={32},
	number={1},
	pages={231--257},
	year={2018},
	publisher={Springer}
}
